<record><leader>00000cas a2200000 a 4500</leader><controlfield tag="001">31989740</controlfield><controlfield tag="007">hd bfu---baat</controlfield><controlfield tag="007">hd afu---bact</controlfield><controlfield tag="008">950214d19171934nbuwr nea     0    0eng d</controlfield><datafield ind1=" " ind2=" " tag="010"><subfield code="a">sn 95069068 </subfield></datafield><datafield ind1=" " ind2=" " tag="040"><subfield code="a">NVG</subfield><subfield code="b">eng</subfield><subfield code="c">NVG</subfield><subfield code="d">OCL</subfield><subfield code="d">OCLCQ</subfield><subfield code="d">OCLCF</subfield><subfield code="d">OCLCO</subfield><subfield code="d">OCLCQ</subfield></datafield><datafield ind1=" " ind2=" " tag="042"><subfield code="a">msc</subfield></datafield><datafield ind1=" " ind2=" " tag="043"><subfield code="a">n-us-nb</subfield></datafield><datafield ind1="0" ind2="4" tag="245"><subfield code="a">The Garland herald.</subfield></datafield><datafield ind1="1" ind2="7" tag="246"><subfield code="a">Interstate newspaper</subfield><subfield code="f">Apr. 25, 1928-Nov. 16, 1932</subfield></datafield><datafield ind1=" " ind2=" " tag="260"><subfield code="a">Lincoln, Neb. :</subfield><subfield code="b">Interstate Newspaper Co.,</subfield><subfield code="c">-1934.</subfield></datafield><datafield ind1=" " ind2=" " tag="300"><subfield code="a">volumes</subfield></datafield><datafield ind1=" " ind2=" " tag="310"><subfield code="a">Weekly</subfield></datafield><datafield ind1=" " ind2=" " tag="336"><subfield code="a">text</subfield><subfield code="b">txt</subfield><subfield code="2">rdacontent</subfield></datafield><datafield ind1=" " ind2=" " tag="337"><subfield code="a">microform</subfield><subfield code="b">h</subfield><subfield code="2">rdamedia</subfield></datafield><datafield ind1=" " ind2=" " tag="338"><subfield code="a">microfilm reel</subfield><subfield code="b">hd</subfield><subfield code="2">rdacarrier</subfield></datafield><datafield ind1="1" ind2=" " tag="362"><subfield code="a">Began in 1917.</subfield></datafield><datafield ind1="0" ind2=" " tag="362"><subfield code="a">-v. 27, no. 2 (Apr. 25, 1934).</subfield></datafield><datafield ind1=" " ind2=" " tag="500"><subfield code="a">Published in: Havelock, Neb., &lt;Mar.&gt; 1927-July 22, 1931.</subfield></datafield><datafield ind1=" " ind2=" " tag="515"><subfield code="a">Issue for Apr. 13, 1927 incorrectly dated Mar. 13, 1927.</subfield></datafield><datafield ind1=" " ind2=" " tag="588"><subfield code="a">Description based on: Vol. 13, no. 46 (Feb. 5, 1920).</subfield></datafield><datafield ind1=" " ind2=" " tag="533"><subfield code="a">Microfilm.</subfield><subfield code="m">1920-1921,1924-1934:[Gaps]</subfield><subfield code="b">Lincoln, Neb. :</subfield><subfield code="c">Nebraska State Historical Society,</subfield><subfield code="d">1976.</subfield><subfield code="e">4 microfilm reels ; 35 mm.</subfield></datafield><datafield ind1=" " ind2="0" tag="651"><subfield code="a">Garland (Neb.)</subfield><subfield code="v">Newspapers.</subfield></datafield><datafield ind1=" " ind2="0" tag="651"><subfield code="a">Seward County (Neb.)</subfield><subfield code="v">Newspapers.</subfield></datafield><datafield ind1=" " ind2="0" tag="651"><subfield code="a">Lancaster County (Neb.)</subfield><subfield code="v">Newspapers.</subfield></datafield><datafield ind1=" " ind2="7" tag="651"><subfield code="a">Nebraska</subfield><subfield code="z">Garland.</subfield><subfield code="2">fast</subfield><subfield code="0">(OCoLC)fst01275691</subfield></datafield><datafield ind1=" " ind2="7" tag="651"><subfield code="a">Nebraska</subfield><subfield code="z">Lancaster County.</subfield><subfield code="2">fast</subfield><subfield code="0">(OCoLC)fst01211912</subfield></datafield><datafield ind1=" " ind2="7" tag="651"><subfield code="a">Nebraska</subfield><subfield code="z">Seward County.</subfield><subfield code="2">fast</subfield><subfield code="0">(OCoLC)fst01211906</subfield></datafield><datafield ind1=" " ind2="7" tag="655"><subfield code="a">Newspapers.</subfield><subfield code="2">fast</subfield><subfield code="0">(OCoLC)fst01423814</subfield></datafield><datafield ind1=" " ind2=" " tag="752"><subfield code="a">United States</subfield><subfield code="b">Nebraska</subfield><subfield code="c">Seward</subfield><subfield code="d">Garland.</subfield></datafield><datafield ind1=" " ind2=" " tag="752"><subfield code="a">United States</subfield><subfield code="b">Nebraska</subfield><subfield code="c">Lancaster</subfield><subfield code="d">Lincoln.</subfield></datafield><datafield ind1=" " ind2=" " tag="752"><subfield code="a">United States</subfield><subfield code="b">Nebraska</subfield><subfield code="c">Lancaster</subfield><subfield code="d">Havelock.</subfield></datafield><datafield ind1="0" ind2="0" tag="780"><subfield code="t">Germantown herald</subfield></datafield><datafield ind1="0" ind2="4" tag="785"><subfield code="t">Lancaster County weekly</subfield><subfield code="w">(DLC)sn 95069077</subfield></datafield><datafield ind1="1" ind2=" " tag="029"><subfield code="a">AU@</subfield><subfield code="b">000011579549</subfield></datafield></record>